<record><leader>00000cas a22000007a 4500</leader><controlfield tag="001">11593233</controlfield><controlfield tag="008">850117d19591961mtuwr ne      0    0eng d</controlfield><datafield ind1=" " ind2=" " tag="010"><subfield code="a">sn 85053013 </subfield></datafield><datafield ind1=" " ind2=" " tag="040"><subfield code="a">MTL</subfield><subfield code="b">eng</subfield><subfield code="c">MTL</subfield><subfield code="d">OCLCQ</subfield></datafield><datafield ind1=" " ind2=" " tag="042"><subfield code="a">msc</subfield></datafield><datafield ind1="0" ind2="0" tag="245"><subfield code="a">Clarks Fork Valley chronicle.</subfield></datafield><datafield ind1=" " ind2=" " tag="260"><subfield code="a">Bridger, Mont. :</subfield><subfield code="b">G.A. Mandera,</subfield><subfield code="c">1959-1961.</subfield></datafield><datafield ind1=" " ind2=" " tag="300"><subfield code="a">2 v. :</subfield><subfield code="b">ill.</subfield></datafield><datafield ind1=" " ind2=" " tag="310"><subfield code="a">Weekly</subfield></datafield><datafield ind1="0" ind2=" " tag="362"><subfield code="a">Vol. 1, no. 1 (Aug. 6, 1959)-v. 2, no. 29 (Feb. 16, 1961).</subfield></datafield><datafield ind1=" " ind2=" " tag="752"><subfield code="a">United States</subfield><subfield code="b">Montana</subfield><subfield code="c">Carbon</subfield><subfield code="d">Bridger.</subfield></datafield></record>